% BASE

@book{GaPEng,
    author          = "Alfred Mann",
    title           = "The Study of Counterpoint",
    subtitle        = "From Johann Joseph Fux's Gradus ad Parnassum",
    publisher       = "W.W. Norton \& Company",
    year            = "1971",
    address         = "500 Fifth Avenue, New York, N.Y. 10110",
    edition         = "Revised Edition",
    editor          = "Alfred Mann",
    isbn            = "0-393-00277-2",
    translator      = "Alfred Mann",
    language        = "English",
    origlanguage    = "Latin",
    url = "http://www.opus28.co.uk/Fux_Gradus.pdf"
}

@book{GaPFrChevalier,
    author          = "Simonne Chevalier",
    title           = "Gradus ad Parnassum",
    subtitle        = "Johann Joseph Fux",
    editor          = "Gabriel Foucou",
    year            = "2019",
    isbn            = "978-2-9556093-6-1",
    translator      = "Simmone Chevalier",
    language        = "French",
    origlanguage    = "Latin",
}

@book{GaPFrDenis,
    author = {Johann Joseph Fux},
    title = {Gradus ad Parnassum},
    translator = {Pierre Denis},
    language = {French},
    year = {1773},
    publisher = {Diod, Bijoutier, Garnier \& Cadet},
    address = {Paris},
    url = {https://s9.imslp.org/files/imglnks/usimg/b/b2/IMSLP231222-PMLP187246-fux_traite_de_composition_1773.pdf},
    copyright = {Public Domain}
}

@book{GaPDe,
    author = {Johann Joseph Fux},
    title = {Gradus ad Parnassum},
    editor = {Lorenz Christoph Mizler},
    translator = {Lorenz Christoph Mizler},
    language = {German},
    year = {1742},
    publisher = {Mizler},
    address = {Leipzig},
    url = {https://s9.imslp.org/files/imglnks/usimg/6/67/IMSLP273867-PMLP187246-gradusadparnassu00fuxj.pdf},
    copyright = {Public Domain}
}

@book{GaPLa,
    author = {Johann Joseph Fux},
    title = {Gradus ad Parnassum},
    year = {1725},
    publisher = {Johann Peter van Ghelen},
    address = {Vienna},
    note = {Reprinted in 1966 by Broude Bros., New York},
    url = {https://s9.imslp.org/files/imglnks/usimg/f/fd/IMSLP91138-PMLP187246-Fux_-_Gradus_ad_Parnassum.pdf},
    copyright = {Public Domain}
}

% hidden fifths
@book{piston1987harmony,
  author    = {Walter Piston},
  editor    = {Mark DeVoto},
  title     = {Harmony: Fifth Edition},
  publisher = {W. W. Norton \& Company},
  year      = {1987},
  month     = {March},
  edition   = {5th},
  language  = {English},
  pages     = {31},
}

% history of counterpoint
@book{schenker1906,
    author = {Schenker, Heinrich},
    title = {Kontrapunkt},
    year = {1906},
    publisher = {J.G. Cotta'sche Buchhandlung Nachfolger},
    address = {Stuttgart},
    language = {German},
    volume = {2: iss.1},
    note = {Vol. 2 of Neue musikalische Theorien und Phantasien},
    topics = {Music theory, Harmony, Counterpoint},
    contributor = {Wellesley College Library},
}

@book{jeppesen1960,
    author = {Jeppesen, Knud and Haydon, Glen},
    title = {Counterpoint: The Polyphonic Vocal Style of the Sixteenth Century},
    year = {1960},
    publisher = {Prentice-Hall},
    address = {Englewood Cliffs, N. J.},
    language = {English},
    topics = {Counterpoint},
    collection = {Wellesley_College_Library; blc; americana},
    contributor = {Wellesley College Library},
}


@article{crocker1962,
 ISSN = {00030139, 15473848},
 URL = {http://www.jstor.org/stable/830051},
 author = {Richard L. Crocker},
 journal = {Journal of the American Musicological Society},
 number = {1},
 pages = {1--21},
 publisher = {[University of California Press, American Musicological Society]},
 title = {Discant, Counterpoint, and Harmony},
 volume = {15},
 year = {1962}
}


@book{yearsley2002,
    author = {Yearsley, David Gaynor},
    title = {Bach and the Meanings of Counterpoint},
    year = {2002},
    publisher = {Cambridge University Press},
    address = {Cambridge ; New York},
    language = {English},
    topics = {Bach, Johann Sebastian, 1685-1750, Counterpoint},
    collection = {inlibrary; printdisabled; internetarchivebooks},
    contributor = {Internet Archive},
}

@mastersthesis{wafflard2023,
  author      = {Wafflard, Thibault},
  title       = {FuxCP: a constraint programming based tool formalizing Fux’s musical theory of counterpoint},
  school      = {École polytechnique de Louvain, Université catholique de Louvain},
  year        = {2023},
  promotor    = {Van Roy, Peter},
  url         = {http://hdl.handle.net/2078.1/thesis:40739}
}

@article{hess2016,
  title={Balancing the counterpoint: Exploring musical contexts and relations},
  author={Hess, Juliet},
  journal={Action, Criticism \& Theory for Music Education},
  volume={15},
  number={2},
  pages={50},
  year={2016}
}

% OXFORD MUSIC ONLINE

@online{Leadingnote,
      author = "Grove Music Online Contributors",
      title = "Leading note",
      year = "2001",
      organization = "Oxford University Press",
      isbn = "9781561592630",
      doi = "10.1093/gmo/9781561592630.article.16179",
      url = "https://www.oxfordmusiconline.com/grovemusic/view/10.1093/gmo/9781561592630.001.0001/omo-9781561592630-e-0000016179"
}

@online{Tritone,
      author = "William Drabkin",
      title = "Tritone",
      year = "2001",
      organization = "Oxford University Press",
      isbn = "9781561592630",
      doi = "10.1093/gmo/9781561592630.article.28403",
      url = "https://www.oxfordmusiconline.com/grovemusic/view/10.1093/gmo/9781561592630.001.0001/omo-9781561592630-e-0000028403"
}

@online{CpSachs,
      author = "Klaus-Jürgen Sachs and Carl Dahlhaus",
      title = "Counterpoint",
      year = "2001",
      organization = "Oxford University Press",
      isbn = "9781561592630",
      doi = "10.1093/gmo/9781561592630.article.06690",
      url = "https://www.oxfordmusiconline.com/grovemusic/view/10.1093/gmo/9781561592630.001.0001/omo-9781561592630-e-0000006690"
}

@online{CpLaitz,
      author = "Steven G. Laitz and ",
      title = "The Complete Musician",
      subtitle = "An Integrated Approach to Tonal Theory, Analysis, and Listening",
      year = "2007",
      editor = "Oxford University Press",
      isbn = "9780195301083",
      pages = "96"
}

@online{Diminution,
      author = "Greer Garden and Robert Donington",
      title = "Diminution",
      year = "2001",
      organization = "Oxford University Press",
      isbn = "9781561592630",
      doi = "10.1093/gmo/9781561592630.article.42071",
      url = "https://www.oxfordmusiconline.com/grovemusic/view/10.1093/gmo/9781561592630.001.0001/omo-9781561592630-e-0000042071"
}

@online{Melody,
      author = "Alexander L. Ringer",
      title = "Melody",
      year = "2001",
      organization = "Oxford University Press",
      isbn = "9781561592630",
      doi = "10.1093/gmo/9781561592630.article.18357",
      url = "https://www.oxfordmusiconline.com/grovemusic/view/10.1093/gmo/9781561592630.001.0001/omo-9781561592630-e-0000018357"
}

@online{Step,
      author = "Grove Music Online Contributors",
      title = "Step",
      year = "2001",
      organization = "Oxford University Press",
      isbn = "9781561592630",
      doi = "10.1093/gmo/9781561592630.article.26686",
      url = "https://www.oxfordmusiconline.com/grovemusic/view/10.1093/gmo/9781561592630.001.0001/omo-9781561592630-e-0000026686"
}

@online{Minori,
      author = "William Drabkin",
      title = "Minor (i)",
      year = "2001",
      organization = "Oxford University Press",
      isbn = "9781561592630",
      doi = "10.1093/gmo/9781561592630.article.18743",
      url = "https://www.oxfordmusiconline.com/grovemusic/view/10.1093/gmo/9781561592630.001.0001/omo-9781561592630-e-0000018743"
}

@online{Degree,
      author = "William Drabkin",
      title = "Degree",
      year = "2001",
      organization = "Oxford University Press",
      isbn = "9781561592630",
      doi = "10.1093/gmo/9781561592630.article.07408",
      url = "https://www.oxfordmusiconline.com/grovemusic/view/10.1093/gmo/9781561592630.001.0001/omo-9781561592630-e-0000007408"
}

@online{Octavei,
      author = "William Drabkin",
      title = "Octave (i)",
      year = "2001",
      organization = "Oxford University Press",
      isbn = "9781561592630",
      doi = "10.1093/gmo/9781561592630.article.50054",
      url = "https://www.oxfordmusiconline.com/grovemusic/view/10.1093/gmo/9781561592630.001.0001/omo-9781561592630-e-0000050054"
}

@online{Mordent,
    author = "Grove Music Online Contributors",
    title = "Mordent",
    year = "2001",
    publisher = "Oxford University Press",
    isbn = "9781561592630",
    doi = "10.1093/gmo/9781561592630.article.48831",
    url = "https://www.oxfordmusiconline.com/grovemusic/view/10.1093/gmo/9781561592630.001.0001/omo-9781561592630-e-0000048831"
}

% OTHERS ONLINE

@online{ReglesJLFabre,
    url = "https://youtu.be/O5gbaT8sv-U?t=71",
    title = "Le contrepoint, les règles mélodiques et les règles harmoniques",
    author = "Jean-Louis Fabre",
    organization = "Gradus ad Parnassum, Youtube",
    date = "2020-02-27",
    language = "French"
}

@online{BioJLFabre,
    url = "https://www.gradusadparnassum.fr/accueil_professeur.php",
    title = "Le Professeur",
    author = "Gradus ad Parnassum website Authors",
    year = "2022",
    language = "French"
}

@online{TritoneYT,
    url = "https://youtu.be/JJIO-Jr0E8o",
    title = "What is a Tritone? Tritone Explained in 2 Minutes (Music Theory)",
    author = "Dave Wave",
    date = "2018-07-16",
    organization = "Dave Wave, Youtube"
}

@online{Guru,
    url = "https://refactoring.guru/fr/refactoring/smells",
    title = "Code Smells",
    author = "Refactoring.Guru website Authors",
    date = "2023-05-30",
    organization = "Refactoring.Guru"
}

@online{IRCAM,
    url = "https://www.ircam.fr/lircam",
    title = "L'Ircam",
    author = "IRCAM website Authors",
    date = "2023-05-30",
    organization = "IRCAM"
}

@online{MuseNet,
    url = "https://openai.com/blog/musenet",
    title = "MuseNet",
    author = "Payne, Christine",
    date = "2019-04-25",
    organization = "OpenAI"
}

@online{MusicTrans,
    title = "Music Transformer: Generating Music with Long-Term Structure",
    author = "Huang, Cheng-Zhi Anna and Simon, Ian and Dinculescu, Monica",
    date = "2019-09-16",
    organization = "Magenta",
    url = "https://magenta.tensorflow.org/music-transformer",
}

@online{GiL,
    title = "GiL",
    author = "GiL Contributors",
    date = "2023-05-03",
    organization = "GitHub",
    url = "https://github.com/sprockeelsd/GiL",
}

@online{Gecode,
    title = "Generic Constraint Development Environment",
    author = "Gecode website Authors",
    date = "2023-06-01",
    organization = "Gecode",
    url = "https://www.gecode.org/index.html",
}

@online{OpenMusic,
    title = "OpenMusic",
    author = "OpenMusic website Authors",
    date = "2023-06-01",
    organization = "GitHub",
    url = "https://openmusic-project.github.io",
}

@online{OpenMusicDoc,
    title = "OpenMusic Documentation",
    author = "Coralie Diatkine",
    date = "2011-06-21",
    organization = "IRCAM",
    url = "https://support.ircam.fr/docs/om/om6-manual/co/OM-Documentation.html",
}

% WIKIPEDIA

@online{MIDIwiki,
    url = {https://en.wikipedia.org/wiki/MIDI},
    title = {MIDI},
    author = {Wikipedia Contributors},
    date = {2023-01-03},
    organization = {Wikipedia},
}

@online{Seventhwiki,
    url = {https://en.wikipedia.org/wiki/Seventh_chord},
    title = {Seventh chord},
    author = {Wikipedia Contributors},
    year = {2022-10-19},
    organization = {Wikipedia},
}

@online{Octavewiki,
    url = {https://en.wikipedia.org/wiki/Octave},
    title = {Octave},
    author = {Wikipedia Contributors},
    year = {2023-01-07},
    organization = {Wikipedia},
}

@online{CodeSmells,
    url = {https://en.wikipedia.org/wiki/Code_smell},
    title = {Code smell},
    author = {Wikipedia Contributors},
    year = {2023-02-12},
    organization = {Wikipedia},
}

@online{Expertwiki,
    url = {https://en.wikipedia.org/wiki/Expert_system},
    title = {Expert system},
    author = {Wikipedia Contributors},
    year = {2023-04-01},
    organization = {Wikipedia},
}

@online{Stepswiki,
    url = {https://en.wikipedia.org/wiki/Steps_and_skips},
    title = {Steps and skips},
    author = {Wikipedia Contributors},
    year = {2022-08-20},
    organization = {Wikipedia},
}

% BOOKS

@mvbook{Esemplare,
    title = "Esemplare a sia saggio fondamentale pratico di contrappunto sopra il canto fermo",
    author = {Martini, Giovanni Battista},
    year = {1774},
    location = "Bologne"
}

@book{IMSLPfr,
    author          = "Pierre Denis",
    title           = "Traité De Composition Musicale",
    subtitle        = "Fait par le célèbre Fux",
    editor          = "Diod Bijoutier and Garnier \& Cadet",
    location        = "Paris",
    year            = "1773",
    translator      = "Pierre Denis",
    language        = "French",
    origlanguage    = "Latin",
    url             = "http://vmirror.imslp.org/files/imglnks/usimg/b/b2/IMSLP231222-PMLP187246-fux_traite_de_composition_1773.pdf"
}

@book{IMSLPeng,
    author          = "Unidentified Translator",
    title           = "Pratical Rules for Learning Composition",
    subtitle        = "Translated from a Work intitled Gradus ad Parnassum written originally in Latin by John Joseph Feux",
    editor          = "Welcker",
    location        = "London",
    year            = "ca. 1750",
    language        = "English",
    origlanguage    = "Latin",
    url             = "http://vmirror.imslp.org/files/imglnks/usimg/3/31/IMSLP370587-PMLP187246-practicalrulesfo00fuxj.pdf"
}

@book{IMSLPlatin,
    author          = "Johann Joseph Fux",
    title           = "Gradus ad Parnassum",
    editor          = "Johann Peter van Ghelen",
    location        = "Vienna",
    year            = "1725",
    language        = "Latin",
    note            = "1966 New York Broude Bros reprint",
    url             = "http://vmirror.imslp.org/files/imglnks/usimg/2/22/IMSLP286170-PMLP187246-gradusadparnassu00fuxj_0.pdf"
}

@inbook{AxioNeut,
    title = "I. La neutralité axiologique",
    author = "Freund, Julien",
    year = "1990",
    booktitle = "Études sur Max Weber",
    isbn = "9782600041263",
    editor = "Librairie Droz",
    address = "Genève",
    language = "French",
    pages = "11-69",
    url = "https://www.cairn.info/etudes-sur-max-weber--9782600041263-p-11.htm",
    doi = "https://doi.org/10.3917/droz.freun.1990.01"
}

@book{Bitsch,
    author          = "Noël Gallon and Marcel Bitsch",
    title           = "Traité De Contrepoint",
    editor          = "Durand et Cie",
    location        = "Paris",
    address         = "4, Rue de la Madeleine",
    year            = "1964",
    language        = "French",
    url             = "https://www.scribd.com/document/410592892/TRAITE-DE-CONTREPOINT-Noel-Gallon-Marcel-Bitsch-pdf"
}

@book{Dupre,
    author          = "Marcel Dupré",
    title           = "Cours de Contrepoint",
    editor          = "Alphonse Leduc",
    location        = "Paris",
    address         = "175, Rue Saint-Honoré",
    year            = "1957",
    language        = "French",
    url             = "https://www.scribd.com/doc/47338178/10063033-Cours-de-Contrepoint-Marcel-Dupre"
}

@inbook{sandred2021,
    title={Constraint-Solving Systems in Music Creation}, 
    booktitle={Handbook of Artificial Intelligence for Music},
    author={Örjan Sandred},
    year={2021},
    publisher={Springer International Publishing},
    url={https://www.springerprofessional.de/constraint-solving-systems-in-music-creation/19323922},
}

@manual{GecodeManual,
    title = "Modeling and Programming with Gecode",
    author = "Christian Shulte and Guido Tack and Mikael Z. Lagerkvist",
    date = "2019-05-28",
    organization = "Gecode",
    url = "https://www.gecode.org/doc-latest/MPG.pdf",
}

@book{CPbook,
    title      = "Handbook of Constraint Programming",
    author     = "Francesca Rossi and Peter van Beek and Toby Walsh",
    editor     = "Elsevier",
    edition    = "First Edition",
    year       = "2006",
    url        = "https://www.dcs.gla.ac.uk/~pat/cpM/papers/CP_Handbook-20060315-final.pdf"
}

% ARTICLES

@misc{huang2018music,
    title={Music Transformer}, 
    author={Cheng-Zhi Anna Huang and Ashish Vaswani and Jakob Uszkoreit and Noam Shazeer and Ian Simon and Curtis Hawthorne and Andrew M. Dai and Matthew D. Hoffman and Monica Dinculescu and Douglas Eck},
    year={2018},
    eprint={1809.04281},
    archivePrefix={arXiv},
    primaryClass={cs.LG}
}

@misc{huang2019counterpoint,
    title={Counterpoint by Convolution}, 
    author={Cheng-Zhi Anna Huang and Tim Cooijmans and Adam Roberts and Aaron Courville and Douglas Eck},
    year={2019},
    eprint={1903.07227},
    archivePrefix={arXiv},
    primaryClass={cs.LG}
}

@misc{ferreira2021learning,
    title={Learning to Generate Music With Sentiment}, 
    author={Lucas N. Ferreira and Jim Whitehead},
    year={2021},
    eprint={2103.06125},
    archivePrefix={arXiv},
    primaryClass={cs.LG}
}

@article{briot2020,
    title={Deep learning for music generation: challenges and directions}, 
    author={Briot, Jean-Pierre and Pachet, François},
    year={2020},
    journaltitle={Neural Computing and Applications},
    url={https://doi.org/10.1007/s00521-018-3813-6},
}

@article{pachet2001,
    title={Musical Harmonization with Constraints: A Survey}, 
    author={Pachet, Francois and Roy, Pierre},
    year={2001},
    journaltitle={Constraints},
    url={https://www.francoispachet.fr/wp-content/uploads/2021/01/pachet-01-Musical_Harmonization_with_Constraints.pdf},
}

@report{bill1984,
    title = {Automatic Species Counterpoint},
    author = {Bill Schottstaedt},
    year = {1984},
    institution = {System Development Foundation, CCRMA, Departement of Music, Stanford University},
    type = {Research Report STAN-M-19},
    url = {https://ccrma.stanford.edu/files/papers/stanm19.pdf}
}

@report{ovans1992,
    title = {An Interactive Constraint-Based Expert Assistant for Music Composition},
    author = {Russell Ovans and Rod Davison},
    year = {1992},
    institution = {Expert Systems Lab, Centre for Systems Science, Simon Fraser University},
    type = {Research Report},
    url = {https://citeseerx.ist.psu.edu/viewdoc/download;jsessionid=36F6D0C404D11E0ABF5D566E1E9294D2?doi=10.1.1.53.1060&rep=rep1&type=pdf}
}

@inproceedings{JIM,
    title = {A constraint formalization of Fux's counterpoint},
    author = {Sprockeels, Damien and Wafflard, Thibault and Van Roy, Peter and Haddad, Karim},
    year = {2023},
    booktitle = {Actes des Journées d'Informatique Musicale 2023},
    eventtitle = {Journées d'Informatique Musicale 2023},
    eventdate = {2023-05-23/2023-05-26},
    organization = {CICM, Laboratoire Musidanse, Université Paris 8, MSH Paris Nord},
    url = {https://jim2023.sciencesconf.org/data/pages/3_2_SPROCKEELS_ET_AL.pdf},
}

% LISTEN TO

@online{Listen1SP,
    url = {https://www.noteflight.com/scores/view/a60f5776648f8042aa5e49c7320a6b6b839471be},
    title = {First Species Counterpoint - A (aeolian) mode},
    subtitle = {From the Gradus ad Parnassum of Johann Joseph Fux},
    author = {Thibault Wafflard},
    year = {2023},
    organization = {Noteflight}
}

@online{Listen2SP,
    url = {https://www.noteflight.com/scores/view/932a33c1d4e0c55f2a934706c4ed2f83cc28885d},
    title = {Second Species Counterpoint - A (aeolian) mode},
    subtitle = {From the Gradus ad Parnassum of Johann Joseph Fux},
    author = {Thibault Wafflard},
    year = {2023},
    organization = {Noteflight}
}

@online{Listen3SP,
    url = {https://www.noteflight.com/scores/view/0c58287f0fab7274cc266df98b627f743ed1ee45},
    title = {Third Species Counterpoint - F (lydian) mode},
    subtitle = {From the Gradus ad Parnassum of Johann Joseph Fux},
    author = {Thibault Wafflard},
    year = {2023},
    organization = {Noteflight}
}

@online{Listen4SP,
    url = {https://www.noteflight.com/scores/view/146b72d15525d0e7f98aff9b63c6a99185e9c911},
    title = {Fourth Species Counterpoint - E (phrygian) mode},
    subtitle = {From the Gradus ad Parnassum of Johann Joseph Fux},
    author = {Thibault Wafflard},
    year = {2023},
    organization = {Noteflight}
}

@online{Listen5SP,
    url = {https://www.noteflight.com/scores/view/f75c61263ee5a50fa0d6941b8803a2b79aaed759},
    title = {Fifth Species Counterpoint - D (dorian) mode},
    subtitle = {From the Gradus ad Parnassum of Johann Joseph Fux},
    author = {Thibault Wafflard},
    year = {2023},
    organization = {Noteflight}
}

@online{EvalYT,
    url = "https://youtu.be/9yB4OGr4Cgk",
    title = " Evaluation of a Constraint Programming Based Tool designed for Counterpoint",
    author = "Thibault Wafflard",
    date = "2023-05-28",
    organization = "Thibault Wafflard, Youtube"
}

% MASTER'S THESIS
@mastersthesis{GiLthesis,
    author = {Baptiste Lapière},
    institution  = {Ecole polytechnique de Louvain, Université catholique de Louvain},
    title = {Computer-aided musical composition Constraint programming and music},
    year = {2020},
    note = {Prom. by Peter Van Roy}
}

@mastersthesis{Melothesis,
    author = {Damien Sprockeels},
    institution  = {Ecole polytechnique de Louvain, Université catholique de Louvain},
    title = {Melodizer: A Constraint Programming Tool For Computer-aided Musical Composition},
    year = {2021},
    note = {Prom. by Peter Van Roy}
}

@mastersthesis{Melo2thesis,
    author = {Chardon, Clément and Diels, Amaury and Gobbi, Federico},
    institution  = {Ecole polytechnique de Louvain, Université catholique de Louvain},
    title = {Melodizer 2.0: A Constraint Programming Tool For Computer-aided Musical Composition},
    year = {2022},
    note = {Prom. by Peter Van Roy}
}